% Encoding: UTF-8

------------------------------- Livros ----------------------------------
@book{Granular_Physics,
	author = {Metha, Anita},
	title = {Granular Physics},
	institution = {Cambridge University},
	isbn = {13 978-0-521-66078-5},
	location = {New York},
	publisher = {Cambridge University Press},
	school = {Cambridge University},
	year = {2007}
}

@book{The_Physics_of_Granular_Media,
	title = {The Physics of Granular Media},
	author = {Hinrichsen, Haye and Wolf, Dietrich E.},
	isbn = {3-527-40373-6},
	location = {Berlin},
	publisher = {WILEY-VCH Verlag GmbH},
	year = {2004}
}

@book{Granular_Media_Between_Fluid_and_Solid,
  title={Granular media: between fluid and solid},
  author={Andreotti, Bruno and Forterre, Yo{\"e}l and Pouliquen, Olivier},
  year={2013},
  publisher={Cambridge University Press}
}


@book{Computer_Simulation_of_Liquids,
	title = {Computer Simulation of Liquids},
	author = {Allen, M. P. and Tildesley, D. J.},
	day = {29},
	edition = {Reprint},
	howpublished = {Paperback},
	isbn = {0198556454},
	month = jun,
	priority = {2},
	publisher = {Oxford University Press, USA},
	series = {Oxford science publications},
	year = {1989}
}

@book{Halliday,
	title = {Fundamentals of Physics},
	author = {Halliday, D. and Resnick, R.},
	isbn = {0471344303},
	location = {New York},
	publisher = {John Wiley and Sons},
	year = {1970}
}

@book{Tanenbaum,
  title={Organização estruturada de computadores},
  author={Tanenbaum, A. S.},
  isbn={9788576050674},
  url={http://books.google.com.br/books?id=LjxbBAAACAAJ},
  year={2007},
  publisher={Pearson Prentice Hall}
}

@book{Bjarne,
  title={The C++ programming language},
  author={Stroustrup, Bjarne and others},
  year={1995},
  publisher={Pearson Education India}
}

@book{Modeling_Complex_Systems,
  title={Modeling complex systems},
  author={Boccara, Nino},
  volume={1},
  year={2004},
  publisher={Springer}
}

@book{Sands_Powders_and_Grains,
  title={Sands, Powders, and Grains: An Introduction to the Physics of Granular Materials},
  author={Duran, J. and Reisinger, A. and de Gennes, P.G.},
  isbn={9780387986562},
  lccn={98031321},
  series={Partially Ordered Systems},
  year={1999},
  publisher={Springer New York}
}

@book{Statistical_Mechanics,
  title={Introduction to nonextensive statistical mechanics},
  author={Tsallis, Constantino and others},
  year={2009},
  publisher={Springer}
}

@book{Goldstein,
  title={Classical Mechanics},
  author={Goldstein, H. and Poole, C.P. and Safko, J.L.},
  isbn={9780201657029},
  lccn={79023456},
  url={http://books.google.com.br/books?id=tJCuQgAACAAJ},
  year={2002},
  publisher={Addison Wesley}
}

@book{Landau,
  title={Theory of Elasticity},
  author={Landau, L.D. and Lifshits, E.M. and Kosevich, A.M. and Pitaevski{\u\i}, L.P.},
  isbn={9780750626330},
  series={Course of theoretical physics},
  url={http://books.google.com.br/books?id=tpY-VkwCkAIC},
  year={1986},
  publisher={Butterworth-Heinemann}
}

@book{Principios,
  title={Principles of Mathematical Modeling},
  author={Dym, C.},
  isbn={9780080470283},
  url={https://books.google.com.br/books?id=Au2rrNq9NVEC},
  year={2004},
  publisher={Elsevier Science}
}

@book{Granular_and_Complex_Materials,
  title={Granular and Complex Materials},
  author={Aste, T. and Di Matteo, T. and Tordesillas, A.},
  isbn={9789812771995},
  series={World Scientific lecture notes in complex systems},
  url={https://books.google.com.br/books?id=GhPWAHa4-zoC},
  year={2007},
  publisher={World Scientific Publishing Company Pte Limited}
}

@book{Micromechanics_of_Granular_Materials,
  title={Micromechanics of Granular Materials: Proceedings of the U.S./Japan Seminar on the Micromechanics of Granular Materials, Sendai-Zao, Japan, October 26-30, 1987},
  author={Satake, M. and Jenkins, J.T.},
  isbn={9781483290157},
  series={Studies in Applied Mechanics},
  url={https://books.google.com.br/books?id=lgUhBQAAQBAJ},
  year={2013},
  publisher={Elsevier Science}
}

@book{Boyce,
  title={Elementary Differetial Equations and Boundary Value Problems},
  author={Boyce, W.E. e DiPrima, R.C.},
  year={1977},
  publisher={John Wiley and Sons},
  location={New York}
}

@book{Statics_and_Kinetics_of_Granular_Materials,
author = {R. M. Nedderman},
title = {Statics and Kinematics of Granular Materials}, 
publisher = {Cambridge University Press}, 
year = {1992},
isbn = {9780511600043}, 
note = {Cambridge Books Online}, 
url = {http://dx.doi.org/10.1017/CBO9780511600043}
}

@book{Computational_Granular_Dynamics,
    author = {Thorsten Poschel, Thomas S.},
    booktitle = {Computational Granular Dynamics},
    citeulike-article-id = {5814962},
    citeulike-linkout-0 = {http://search.barnesandnoble.com/Computational-Granular-Dynamics/Thorsten-Poschel/e/9783540214854},
    publisher = {Springer},
    keywords = {granular\_dynamics, simulation, simulations},
    posted-at = {2009-09-21 17:06:04},
    year = {2009},
    priority = {2},
    title = {Computational Granular Dynamics},
    url = {http://search.barnesandnoble.com/Computational-Granular-Dynamics/Thorsten-Poschel/e/9783540214854}
}

@book{Introduction_to_Parallel_Computing,
  booktitle = {Introduction to Parallel Computing},
  title = {Introduction to Parallel Computing},
  author = {Grama A., Gupta A., Karypis G. and Kumar V.},
  publisher = {Pearson},
  year = {2003},
  location = {Edinburg}
}

@book{IEEE754,
  author =       {IEEE Task P754},
  title =        {IEEE 754-2008, Standard for Floating-Point Arithmetic},
  publisher =    {pub-IEEE-STD},
  address =      {pub-IEEE-STD:adr},
  pages =        {58},
  day =          {29},
  month =        {aug},
  year =         {2008},
  DOI =          {http://dx.doi.org/10.1109/IEEESTD.2008.4610935},
  ISBN =         {0-7381-5753-8 (paper), 0-7381-5752-X (electronic)},
  ISBN-13 =      {978-0-7381-5753-5 (paper), 978-0-7381-5752-8 (electronic)},
  URL =          {http://en.wikipedia.org/wiki/IEEE_754-2008;
                 http://ieeexplore.ieee.org/servlet/opac?punumber=4610933},
  acknowledgement = {ack-nhfb},
}

@book{Physical_Hydrodynamics,
  booktitle = {Physical Hydrodynamics},
  title = {Physical Hydrodynamics},
  author = {Guyon E., Hulin J. P., Petit L. and Mitescu C. D.},
  publisher = {Oxford},
  year = {2015},
  location = {New York},
  edition = {Second}
}

@book{Fluid_Mechanics,
  title={Fluid Mechanics},
  author={Kundu, P.K. and Cohen, I.M. and Dowling, D.R.},
  isbn={9780123821003},
  lccn={2011014138},
  url={https://books.google.fr/books?id=iUo\_4tsHQYUC},
  year={2012},
  publisher={Academic Press}
}

@book{Transferencia_de_calor_e_mecanica_dos_fluidos_computacional,
  title={Transferência de calor e mecânica dos fluidos computacional: fundamentos e coordenadas generalizadas},
  author={Maliska, C.R.},
  url={https://books.google.com.br/books?id=lfo\_MwEACAAJ},
  year={1995},
  publisher={LTC}
}

@book{Numerical_Methods_for_Scientists_and_Engineers,
 author = {Hamming, Richard W},
 title = {Numerical Methods for Scientists and Engineers (2Nd Ed.)},
 year = {1986},
 isbn = {0-486-65241-6},
 publisher = {Dover Publications, Inc.},
 address = {New York, NY, USA},
}

@book{Numerical_Recipes,
 author = {Press, William H. and Teukolsky, Saul A. and Vetterling, William T. and Flannery, Brian P.},
 title = {Numerical Recipes 3rd Edition: The Art of Scientific Computing},
 year = {2007},
 isbn = {0521880688, 9780521880688},
 edition = {3},
 publisher = {Cambridge University Press},
 address = {New York, NY, USA}
}

@book{Numerical_Solution_of_Partial_Differential_Equations,
 author = {Morton, K. W. and Mayers, D. F.},
 title = {Numerical Solution of Partial Differential Equations},
 year = {2005},
 isbn = {0511111622, 9780511111624},
 edition = {2},
 publisher = {Cambridge University Press},
 address = {New York, NY, USA}
}

@book{Unifying_Concepts_in_Granular_Media_and_Glasses,
    title = {Unifying Concepts in Granular Media and Glasses},
    author={Coniglio, A. and Fierro, A. and Herrmann, H. J. and Nicodemi, M.},
    year = {2004},
    isbn = {0 444 51607 7},
    publisher ={Elsevier},
    address = {London, UK}
}

@book{Numerical_Heat_Transfer_and_Fluid_Flow,
  title={Numerical Heat Transfer and Fluid Flow},
  author={Patankar, S.V.},
  isbn={9780070487406},
  lccn={79028286},
  series={Electro Skills Series},
  url={https://books.google.com.br/books?id=N2MVAQAAIAAJ},
  year={1980},
  publisher={Hemisphere Publishing Corporation}
}

@book{Large_Deviations_in_Physics,
  author  =      {Vulpiani, A. and Cecconi, F. and Cencini, M. and Puglisi, A. and Vergni, D.},
  title =        {Large Deviations in Physics},
  publisher =    {Springer},
  year =         {2014},
  address =      {Berlin,Heidelberg}
}

-------------------------------- Artigos ---------------------------------
@article{Silo_failures,
    author = {W. Carson, John},
    year = {2001},
    month = {12},
    pages = {153-166},
    title = {Silo failures: case histories and lessons learned},
    volume = {10},
    booktitle = {Handbook of Powder Technology}
}

@article{Two_phase_flow_model,
  title={A two-phase flow model of sediment transport: transition from bedload to suspended load},
  author={Chiodi, F. and Claudin, P. and Andreotti, B.},
  journal={Journal of Fluid Mechanics},
  volume={755},
  pages={561--581},
  year={2014},
  publisher={Cambridge University Press}
}

@article{Granular_Solids_Liquids_and_Gases,
	abstract = {Granular materials are ubiquitous in the world around us. They have properties that are different from those commonly associated with either solids, liquids, or gases. In this review the authors select some of the special properties of granular materials and describe recent research {developments.[S0034}-6861(96)00204-8]},
	author = {Jaeger, Heinrich M. and Nagel, Sidney R. and Behringer, Robert P.},
	citeulike-article-id = {2587018},
	citeulike-linkout-0 = {http://dx.doi.org/10.1103/revmodphys.68.1259},
	citeulike-linkout-1 = {http://link.aps.org/abstract/RMP/v68/i4/p1259},
	citeulike-linkout-2 = {http://link.aps.org/pdf/RMP/v68/i4/p1259},
	doi = {10.1103/revmodphys.68.1259},
	journal = {Reviews of Modern Physics},
	keywords = {knots},
	month = oct,
	number = {4},
	pages = {1259--1273},
	posted-at = {2008-03-25 17:44:46},
	priority = {2},
	publisher = {American Physical Society},
	title = {Granular solids, liquids, and gases},
	url = {http://dx.doi.org/10.1103/revmodphys.68.1259},
	volume = {68},
	year = {1996}
}

@article{FVSCS,
  title={A finite volume shock-capturing solver of the fully coupled shallow water-sediment equations},
  author={Creed, Maggie J and Apostolidou, Ilektra-Georgia and Taylor, Paul H and Borthwick, Alistair GL},
  journal={International Journal for Numerical Methods in Fluids},
  year={2017},
  publisher={Wiley Online Library}
}

@article{Memories_in_Sand,
  title = {Memories in sand: Experimental tests of construction history on stress distributions under sandpiles},
  author = {Vanel, Loic and Howell, Daniel and Clark, D. and Behringer, R. P. and Cl\'ement, Eric},
  journal = {Phys. Rev. E},
  volume = {60},
  issue = {5},
  pages = {R5040--R5043},
  numpages = {0},
  year = {1999},
  month = {Nov},
  publisher = {American Physical Society},
  doi = {10.1103/PhysRevE.60.R5040},
  url = {http://link.aps.org/doi/10.1103/PhysRevE.60.R5040}
}

@article{Sensitivity_of_Stress_Response_Function_to_Packing_Preparation,
    abstract = {{A granular assembly composed of a collection of identical grains may pack under different microscopic configurations with microscopic features that are sensitive to the preparation history. A given configuration may also change in response to external actions such as compression and shearing. We show, using a mechanical response function method developed experimentally and numerically, that the macroscopic stress profiles are strongly dependent on these preparation procedures. These results were obtained for both two and three dimensions. The method reveals that, under a given preparation history, the macroscopic symmetries of the granular material is affected, and in most cases significant departures from isotropy should be observed. This suggests a new path towards a non-intrusive test of granular material constitutive properties.}},
    author = {Atman, A. P. F. and Brunet, P. and Geng, J. and Reydellet, G. and Combe, G. and Claudin, P. and Behringer, R. P. and Clement, E.},
    citeulike-article-id = {5159583},
    citeulike-linkout-0 = {http://dx.doi.org/10.1088/0953-8984/17/24/002},
    doi = {10.1088/0953-8984/17/24/002},
    journal = {Journal of Physics: Condensed Matter},
    keywords = {qualif5, technique},
    number = {24},
    pages = {S2391--S2403},
    posted-at = {2009-07-15 15:55:25},
    priority = {2},
    title = {{Sensitivity of the stress response function to packing preparation}},
    url = {http://dx.doi.org/10.1088/0953-8984/17/24/002},
    volume = {17},
    year = {2005}
}

@article{Barabasi,
  title = {Liquid-induced transitions in granular media},
  author = {Tegzes, P. and Albert, R. and Paskvan, M. and Barab\'asi, A.-L. and Vicsek, T. and Schiffer, P.},
  journal = {Phys. Rev. E},
  volume = {60},
  issue = {5},
  pages = {5823--5826},
  numpages = {0},
  year = {1999},
  month = {Nov},
  publisher = {American Physical Society},
  doi = {10.1103/PhysRevE.60.5823},
  url = {http://link.aps.org/doi/10.1103/PhysRevE.60.5823}
}

@article{Infinite_Penetration,
  title = {Infinite Penetration of a Projectile into a Granular Medium},
  author = {Pacheco-Vázquez, F. and Caballero-Robledo, G. A. and Solano-Altamirano, J. M. and Altshuler, E. and Batista-Leyva, A. J. and Ruiz-Suárez, J. C.},
  journal = {Phys. Rev. Lett.},
  volume = {106},
  issue = {21},
  pages = {218001},
  numpages = {4},
  year = {2011},
  month = {May},
  publisher = {American Physical Society},
  doi = {10.1103/PhysRevLett.106.218001},
  url = {http://link.aps.org/doi/10.1103/PhysRevLett.106.218001}
}

@conference{Allbens_Gael,
  title = {Experimental Evidence of “Granulence”},
  author = {Combe, G. and Viggiani, G. and Hall, S. A. and Tengattini, A. and Atman, A. P. F.},
  booktitle = {Powders \& Grains 2013},
  editor = {},
  number = {},
  pages = {},
  volume = {},
  year = {2013},
  month = {Jul}
}

@article{Versuche_uber_Getreidedruck_in_Silozellen,
    author = {Janssen, H. A.},
    journal = {Zeitschr. d. Vereines deutscher Ingenieure},
    number = {35},
    pages = {1045--1049},
    title = {{Versuche über Getreidedruck in Silozellen}},
    volume = {39},
    year = {1895}
}

@article{Janssen,
    author = {Sperl, M.},
    journal = {Granular Matter},
    number = {2},
    pages = {59--65},
    title = {Experiments on corn pressure in silo cells. Translation and comment of Janssen's paper from 1895},
    volume = {8},
    year = {2006}
}

@article{Non-Gaussian_behavior_in_jamming_unjamming_transition_in_dense_granular_materials,
  title={Non-Gaussian behavior in jamming/unjamming transition in dense granular materials},
  author={Atman, A. P. F. and Kolb, E. and Combe, G. and Paiva, H. A. and Martins, G. H. B.},
  journal={POWDERS AND GRAINS 2013: Proceedings of the 7th International Conference on Micromechanics of Granular Media},
  volume={1542},
  number={1},
  pages={381--384},
  year={2013},
  organization={AIP Publishing}
}

@article{Mechanical_properties_of_inclined_frictional_granular_layers,
  title={Mechanical properties of inclined frictional granular layers},
  author={Atman, Allbens P. F. and Claudin, Philippe and Combe, Ga{\"e}l and Martins, G. H. B.},
  journal={Granular Matter},
  volume={16},
  number={2},
  pages={193--201},
  year={2014},
  publisher={Springer}
}

@article{Methods_of_Parallel_Computation_Applied_on_Granular_Simulations,
  title={Methods of parallel computation applied on granular simulations},
  author={Martins, G. H. B. and Atman, A. P. F.},
  journal = {EPJ Web Conf.},
  year = 2017,
  volume = 140,
  pages = "15024",
}

@article{Tordesillas,
  title={Revisiting localized deformation in sand with complex systems},
  author={Tordesillas, Antoinette and Walker, David M and And{\`o}, Edward and Viggiani, Gioacchino},
  journal={Proceedings of the Royal Society A: Mathematical, Physical and Engineering Science},
  volume={469},
  number={2152},
  pages={20120606},
  year={2013},
  publisher={The Royal Society}
}

@article{Simple_model_for_reverse_buoyancy_in_a_vibrated_granular_system,
  title={Simple model for reverse buoyancy in a vibrated granular system},
  author={Guti{\'e}rrez, G and Pozo, O and Reyes, LI and Drake, JF and Ott, E and others},
  journal={EPL (Europhysics Letters)},
  volume={67},
  number={3},
  pages={369},
  year={2004},
  publisher={IOP Publishing}
}

@article{Efeito_Castanha_Para_Granular_Fluido,
  title = {Brazil-nut effect versus reverse Brazil-nut effect in a moderately dense granular fluid},
  author = {Garz\'o, Vicente},
  journal = {Phys. Rev. E},
  volume = {78},
  issue = {2},
  pages = {020301},
  numpages = {4},
  year = {2008},
  month = {Aug},
  publisher = {American Physical Society},
  doi = {10.1103/PhysRevE.78.020301},
  url = {http://link.aps.org/doi/10.1103/PhysRevE.78.020301}
}

@article{Competicao_Castanha_Para_Flutuabilidade,
year={2009},
issn={1951-6355},
journal={The European Physical Journal Special Topics},
volume={179},
number={1},
doi={10.1140/epjst/e2010-01204-5},
title={Competition of Brazil nut effect, buoyancy, and inelasticity induced segregation in a granular mixture},
url={http://dx.doi.org/10.1140/epjst/e2010-01204-5},
publisher={Springer-Verlag},
author={Brito, R. and Soto, R.},
pages={207-219},
language={English}
}

@article{Rolling_Friction,
title = {Rolling friction in the dynamic simulation of sandpile formation},
journal = {Physica A: Statistical Mechanics and its Applications},
volume = {269},
number = {2–4},
pages = {536 - 553},
year = {1999},
issn = {0378-4371},
doi = {http://dx.doi.org/10.1016/S0378-4371(99)00183-1},
url = {http://www.sciencedirect.com/science/article/pii/S0378437199001831},
author = {Y.C. Zhou and B.D. Wright and R.Y. Yang and B.H. Xu and A.B. Yu},
keywords = {Static sandpiles},
keywords = {Granular compaction},
keywords = {Dynamics and kinematics of a particle and a system of particles},
keywords = {Granular flow},
keywords = {Mixing},
keywords = {Segregation and stratification},
keywords = {Granular systems},
abstract = {The contact between spheres results in a rolling resistance due to elastic hysteresis losses or viscous dissipation. This resistance is shown to be important in the three-dimensional dynamic simulation of the formation of a heap of spheres. The implementation of a rolling friction model can avoid arbitrary treatments or unnecessary assumptions, and its validity is confirmed by the good agreement between the simulated and experimental results under comparable conditions. Numerical results suggest that the angle of repose increases significantly with the rolling friction coefficient and decreases with particle size.}
}

@article{Phase_Transition_Statics_Granular,
  author={Matthias Schröter and Sibylle Nägle and Charles Radin and Harry L. Swinney},
  title={Phase transition in a static granular system},
  journal={EPL (Europhysics Letters)},
  volume={78},
  number={4},
  pages={44004},
  url={http://stacks.iop.org/0295-5075/78/i=4/a=44004},
  year={2007},
  abstract={We find that a column of glass beads exhibits a well-defined transition between two phases that differ in their resistance to shear. Pulses of fluidization are used to prepare static sedimented states with well-defined particle volume fractions ##IMG## [http://ej.iop.org/icons/Entities/phi.gif] {phi} in the range 0.57–0.63. The resistance to shear is determined by slowly inserting a rod into the column of beads. Force measurements and bed height measurements both indicate that the transition occurs at ##IMG## [http://ej.iop.org/icons/Entities/phi.gif] {phi} = 0.60 for a range of speeds of the rod.}
}

@article{Granular_Matter,
  title = {Granular matter: a tentative view},
  author = {de Gennes, P. G.},
  journal = {Rev. Mod. Phys.},
  volume = {71},
  issue = {2},
  pages = {S374--S382},
  numpages = {0},
  year = {1999},
  month = {Mar},
  publisher = {American Physical Society},
  doi = {10.1103/RevModPhys.71.S374},
  url = {http://link.aps.org/doi/10.1103/RevModPhys.71.S374}
}

@article{Cundall_Strack,
author = {P. A. Cundall and O. D. L. Strack},
title = {A discrete numerical model for granular assemblies},
journal = {Geotechnique},
volume = {29},
year = {1979},
pages = {47--65},
issue = {1},
doi = {10.1680/geot.1979.29.1.47},
masid = {2048660}
}

@article{Physics_of_Granular_State,
    abstract = {{Granular materials display a variety of behaviors that are in many ways different from those of other substances. They cannot be easily classified as either solids or liquids. This has prompted the generation of analogies between the physics found in a simple sandpile and that found in complicated microscopic systems, such as flux motion in superconductors or spin glasses. Recently, the unusual behavior of granular systems has led to a number of new theories and to a new era of experimentation on granular systems.}},
    author = {Jaeger, H. M. and Nagel, Sidney R.},
    day = {20},
    doi = {10.1126/science.255.5051.1523},
    journal = {Science},
    month = {mar},
    number = {5051},
    pages = {1523--1531},
    pmid = {17820163},
    posted-at = {2011-08-03 11:26:12},
    priority = {2},
    title = {{Physics of the Granular State}},
    url = {http://dx.doi.org/10.1126/science.255.5051.1523},
    volume = {255},
    year = {1992}
}

@article{Verlet,
  title = {Computer "Experiments" on Classical Fluids. I. Thermodynamical Properties of Lennard-Jones Molecules},
  author = {Verlet, Loup},
  journal = {Phys. Rev.},
  volume = {159},
  issue = {1},
  pages = {98--103},
  numpages = {0},
  year = {1967},
  month = {Jul},
  publisher = {American Physical Society},
  doi = {10.1103/PhysRev.159.98},
  url = {http://link.aps.org/doi/10.1103/PhysRev.159.98}
}

@article{Kinetic_Equations_For_Smooth_Granular_Systems1,
title = {Kinetic equations for smooth granular systems},
journal = {Physica A: Statistical Mechanics and its Applications},
volume = {246},
number = {3–4},
pages = {547 - 562},
year = {1997},
issn = {0378-4371},
doi = {http://dx.doi.org/10.1016/S0378-4371(97)00380-4},
url = {http://www.sciencedirect.com/science/article/pii/S0378437197003804},
author = {W.A.M. Morgado and I. Oppenheim},
abstract = {In the present work we derive kinetic equations for the rarified granular gas from the Fokker-Planck equation that describes the time evolution of the reduced distribution function for the translational granular degrees of freedom. We obtain the explicit form for the inelastic dissipation term and calculate the time evolution of the granular temperature for the homogeneous granular gas. Our result differs from that in which the coefficient of restitution is assumed to be velocity independent.}
}

@article{Kinetic_Equations_For_Smooth_Granular_Systems2,
title = {Kinetic equations for smooth granular systems II. The non-homogeneous gas},
journal = {Physica A: Statistical Mechanics and its Applications},
volume = {252},
number = {3–4},
pages = {308 - 324},
year = {1998},
issn = {0378-4371},
doi = {http://dx.doi.org/10.1016/S0378-4371(97)00575-X},
url = {http://www.sciencedirect.com/science/article/pii/S037843719700575X},
author = {W.A.M. Morgado and I. Oppenheim},
keywords = {Granular flow},
keywords = {Hydrodynamics},
keywords = {Clustering},
abstract = {In the present work we derive hydrodynamic equations for the infinite, rarified, smooth, non-homogeneous spherical granular gas. The long-time behavior of these equations is analyzed and we show that the diffusive modes become negligible compared to the propagating modes of the system. This suggests that a mechanism of clustering is responsible for the relative freezing of the diffusive modes.}
}

@article{Liquid_Induced_Transitions_In_Granular_Media,
  title = {Liquid-induced transitions in granular media},
  author = {Tegzes, P. and Albert, R. and Paskvan, M. and Barab\'asi, A.-L. and Vicsek, T. and Schiffer, P.},
  journal = {Phys. Rev. E},
  volume = {60},
  issue = {5},
  pages = {5823--5826},
  numpages = {0},
  year = {1999},
  month = {Nov},
  publisher = {American Physical Society},
  doi = {10.1103/PhysRevE.60.5823},
  url = {http://link.aps.org/doi/10.1103/PhysRevE.60.5823}
}

@article{Liquid-Solid-Like_Transition_In_Quasi-One-Dimensional_Driven_Granular_Media,
  title={Liquid-solid-like transition in quasi-one-dimensional driven granular media},
  author={Clerc, MG and Cordero, P and Dunstan, Jocelyn and Huff, K and Mujica, N and Risso, Dino and Varas, G},
  journal={Nature physics},
  volume={4},
  number={3},
  pages={249--254},
  year={2008},
  publisher={Nature Publishing Group}
}

@article{Granular_Segregation,
  title = {Granular Species Segregation under Vertical Tapping: Effects of Size, Density, Friction, and Shaking Amplitude},
  author = {Ciamarra, Massimo Pica and Vizia, Maria Domenica De and Fierro, Annalisa and Tarzia, Marco and Coniglio, Antonio and Nicodemi, Mario},
  journal = {Phys. Rev. Lett.},
  volume = {96},
  issue = {5},
  pages = {058001},
  numpages = {4},
  year = {2006},
  month = {Feb},
  publisher = {American Physical Society},
  doi = {10.1103/PhysRevLett.96.058001},
  url = {http://link.aps.org/doi/10.1103/PhysRevLett.96.058001}
}

@article{Numerical_simulation_of_turbulent_sediment_transport,
  title = {Numerical simulation of turbulent sediment transport, from bed load to saltation},
  author = {Durán, O. and Andreotti, B. and Claudin, P.},
  journal = {Physics of Fluids},
  volume = {24},
  numpages = {25},
  year = {2012},
  publisher = {American Institute of Physics}
}

@article{Junia,
  title={Mechanical and rheological behavior of oil-well cement slurries produced with clinker containing carbon nanotubes},
  author={de Paula, J{\'u}nia Nunes and Calixto, Jos{\'e} M{\'a}rcio and Ladeira, Luiz Orlando and Ludvig, P{\'e}ter and Souza, Tarcizo Cruz C and Rocha, Jos{\'e} Marcelo and de Melo, Aline A Vargas},
  journal={Journal of Petroleum Science and Engineering},
  volume={122},
  pages={274--279},
  year={2014},
  publisher={Elsevier}
}

@article{Sand_ripples_and_dunes,
  title = {Sand ripples and dunes},
  author = {Charru, F. and Andreotti, B. and Claudin, P.},
  journal = {Ann. Rev. Fluid Mech.},
  volume = {45},
  pages = {469--493},
  numpages = {24},
  year = {2012},
  publisher = {Lund University Libraries}
}

@article{Direct_numerical_simulations_of_aeolian_sand_ripples,
  title = {Direct numerical simulations of aeolian sand ripples},
  author = {Durán, O. and Claudin, P. and Andreotti, B.},
  journal = {PNAS},
  volume = {111},
  pages = {15665--15668},
  numpages = {24},
  year = {2014},
  month = {Nov}
}

@article{Bedforms_in_a_turbulent_stream,
  title = {Bedforms in a turbulent stream: ripples, chevrons and antidunes},
  author = {Andreotti, B. and Claudin, P. and Devauchelle, O. and Durán, O. and Fourrière, A.},
  journal = {J. Fluid Mech.},
  volume = {690},
  pages = {94--128},
  numpages = {35},
  year = {2012},
  publisher = {Cambridge University Press}
}

@article{IMEX,
  title={A second-order IMEX method for multi-phase flow problems},
  author={Kadioglu, Samet Y},
  journal={International Journal of Computational Methods},
  pages={1750056},
  year={2017},
  publisher={World Scientific}
}

@article{Dynamics_at_the_angle_of_repose,
  title={Dynamics at the angle of repose: jamming, bistability, and collapse},
  author={Luck, JM and Mehta, Anita},
  journal={Journal of Statistical Mechanics: Theory and Experiment},
  volume={2004},
  number={10},
  pages={P10015},
  year={2004},
  publisher={IOP Publishing}
}

@article{Mixing_and_Segregation_of_Granular_Materials,
author = { J. M. Ottino and  D. V. Khakhar},
title = {Mixing and Segregation of Granular Materials},
journal = {Annual Review of Fluid Mechanics},
volume = {32},
number = {1},
pages = {55-91},
year = {2000},
doi = {10.1146/annurev.fluid.32.1.55},
}

@article{Measuring_the_flowing_properties_of_powders_and_grains,
title = "Measuring the flowing properties of powders and grains",
journal = "Powder Technology",
volume = "224",
pages = "19 - 27",
year = "2012",
issn = "0032-5910",
doi = "https://doi.org/10.1016/j.powtec.2012.02.015",
url = "http://www.sciencedirect.com/science/article/pii/S0032591012000885",
author = "G. Lumay and F. Boschini and K. Traina and S. Bontempi and J.-C. Remy and R. Cloots and N. Vandewalle",
keywords = "Powder characterization, Flowability, Angle of repose, Packing fraction, Cohesion, Powder rheometer"
}

@article {Revisiting_localized_deformation_in_sand_with_complex_systems,
	author = {Tordesillas, Antoinette and Walker, David M. and And{\`o}, Edward and Viggiani, Gioacchino},
	title = {Revisiting localized deformation in sand with complex systems},
	volume = {469},
	number = {2152},
	year = {2013},
	doi = {10.1098/rspa.2012.0606},
	publisher = {The Royal Society},
	issn = {1364-5021},
	journal = {Proceedings of the Royal Society of London A: Mathematical, Physical and Engineering Sciences}
}

@article{Granular_matter_and_networks,
author ="Smart, Ashley and Ottino, Julio M.",
title  ="Granular matter and networks: three related examples",
journal  ="Soft Matter",
year  ="2008",
volume  ="4",
issue  ="11",
pages  ="2125-2131",
publisher  ="The Royal Society of Chemistry",
doi  ="10.1039/B802672F",
}

@article{Patterns_and_collective_behavior_in_granular_media,
  title = {Patterns and collective behavior in granular media: Theoretical concepts},
  author = {Aranson, Igor S. and Tsimring, Lev S.},
  journal = {Rev. Mod. Phys.},
  volume = {78},
  issue = {2},
  pages = {641--692},
  numpages = {0},
  year = {2006},
  month = {Jun},
  publisher = {American Physical Society},
  doi = {10.1103/RevModPhys.78.641},
}

@article{Why_the_Brazil_nuts_are_on_top,
  title = {Why the Brazil nuts are on top: Size segregation of particulate matter by shaking},
  author = {Rosato, Anthony and Strandburg, Katherine J. and Prinz, Friedrich and Swendsen, Robert H.},
  journal = {Phys. Rev. Lett.},
  volume = {58},
  issue = {10},
  pages = {1038--1040},
  numpages = {0},
  year = {1987},
  month = {Mar},
  publisher = {American Physical Society},
  doi = {10.1103/PhysRevLett.58.1038},
}

@article{Inertia_in_the_Brazil_nut_problem,
  title = {Inertia in the Brazil nut problem},
  author = {Nahmad-Molinari, Y. and Canul-Chay, G. and Ruiz-Su\'arez, J. C.},
  journal = {Phys. Rev. E},
  volume = {68},
  issue = {4},
  pages = {041301},
  numpages = {6},
  year = {2003},
  month = {Oct},
  publisher = {American Physical Society},
  doi = {10.1103/PhysRevE.68.041301},
  url = {https://link.aps.org/doi/10.1103/PhysRevE.68.041301}
}

@article{The_water-enhance_Brazil_nut_effect,
  author={C. P. Clement and H. A. Pacheco-Martinez and M. R. Swift and P. J. King},
  title={The water-enhanced Brazil nut effect},
  journal={EPL (Europhysics Letters)},
  volume={91},
  number={5},
  pages={54001},
  url={http://stacks.iop.org/0295-5075/91/i=5/a=54001},
  year={2010},
}

@article{A_Horizontal_Brazil-Nut_Effect_and_Its_Reverse,
  title = {A Horizontal Brazil-Nut Effect and Its Reverse},
  author = {Schnautz, T. and Brito, R. and Kruelle, C. A. and Rehberg, I.},
  journal = {Phys. Rev. Lett.},
  volume = {95},
  issue = {2},
  pages = {028001},
  numpages = {4},
  year = {2005},
  month = {Jul},
  publisher = {American Physical Society},
  doi = {10.1103/PhysRevLett.95.028001},
  url = {https://link.aps.org/doi/10.1103/PhysRevLett.95.028001}
}

@article{Brazil-Nut_effect_Size_separation_of_granular_particles,
    author = {Mobius, Matthias E. and Lauderdale, Benjamin E. and Nagel, Sidney R. and Jaeger, Heinrich M.},
    day = {15},
    doi = {10.1038/35104697},
    issn = {0028-0836},
    journal = {Nature},
    month = nov,
    number = {6861},
    pages = {270},
    posted-at = {2010-11-04 23:56:18},
    priority = {2},
    publisher = {Nature Publishing Group},
    title = {{Brazil-nut effect: Size separation of granular particles}},
    url = {http://dx.doi.org/10.1038/35104697},
    volume = {414},
    year = {2001}
}

@article{Brazil-nut_effect_versus_reverse_Brazil-nut_effect_in_a_moderately_dense_granular_fluid,
  title = {Brazil-nut effect versus reverse Brazil-nut effect in a moderately dense granular fluid},
  author = {Garz\'o, Vicente},
  journal = {Phys. Rev. E},
  volume = {78},
  issue = {2},
  pages = {020301},
  numpages = {4},
  year = {2008},
  month = {Aug},
  publisher = {American Physical Society},
  doi = {10.1103/PhysRevE.78.020301},
  url = {https://link.aps.org/doi/10.1103/PhysRevE.78.020301}
}

@article{Categorization_of_Brazil_nut_and_its_reverse_under_less-convective_conditions_for_microgravity_geology,
  author={Chujo, T. and Mori, O. and Kawaguchi, J. and Yano, H.},
  title={Categorization of Brazil nut and its reverse under less-convective conditions for microgravity geology},
  journal={Royal Astronomical Society},
  volume={474},
  number={4},
  pages={4447–4459},
  url={https://academic.oup.com/mnras/article/474/4/4447/4683254},
  year={2018},
}

@Article{Competition_of_Brazil_nut_effect_buoyancy_and_inelasticity_induced_segregation_in_a_granular_mixture,
    author="Brito, R. and Soto, R.",
    title="Competition of Brazil nut effect, buoyancy, and inelasticity induced segregation in a granular mixture",
    journal="The European Physical Journal Special Topics",
    year="2009",
    month="Dec",
    day="01",
    volume="179",
    number="1",
    pages="207--219",
    issn="1951-6401",
    doi="10.1140/epjst/e2010-01204-5",
    url="https://doi.org/10.1140/epjst/e2010-01204-5"
}

@article{Reverse_Brazil_Nut_Problem_Competition_between_Percolation_and_Condensation,
    author = {{Quinn}, Paul V. and {Hong}, Daniel C. and {Luding}, Stefan and {Walliser}, H.},
    citeulike-article-id = {14210715},
    citeulike-linkout-0 = {http://dx.doi.org/10.1103/PhysRevLett.89.189603},
    doi = {10.1103/PhysRevLett.89.189603},
    journal = {Phys. Rev. Lett.},
    keywords = {0012013, condensation, dynamics, energy, entropy, hao-upload-16-11-21, jin, molecule, numeric, percolation, reaction, solid, suns},
    number = {18},
    pages = {1},
    posted-at = {2016-11-21 16:45:04},
    priority = {2},
    title = {Comment on "reverse {{Brazil}} nut problem: {{Competition}} between percolation and condensation" (multiple letters)},
    url = {http://dx.doi.org/10.1103/PhysRevLett.89.189603},
    volume = {89},
    year = {2002}
}

@Article{Reverse_buoyancy_in_a_vibrated_granular_bed_Computer_Simulations,
    author="Idler, Vladimir
    and S{\'a}nchez, Iv{\'a}n
    and Paredes, Ricardo
    and Botet, Robert",
    title="Reverse buoyancy in a vibrated granular bed: Computer simulations",
    journal="The European Physical Journal E",
    year="2012",
    month="Oct",
    day="24",
    volume="35",
    number="10",
    pages="106",
    issn="1292-895X",
    doi="10.1140/epje/i2012-12106-x",
    url="https://doi.org/10.1140/epje/i2012-12106-x"
}

@article{Reversing_the_Brazil-Nut_Effect_Competition_between_Percolation_and_Condensation,
  title = {Reversing the Brazil-Nut Effect: Competition between Percolation and Condensation},
  author = {Breu, A. P. J. and Ensner, H.-M. and Kruelle, C. A. and Rehberg, I.},
  journal = {Phys. Rev. Lett.},
  volume = {90},
  issue = {1},
  pages = {014302},
  numpages = {3},
  year = {2003},
  month = {Jan},
  publisher = {American Physical Society},
  doi = {10.1103/PhysRevLett.90.014302},
  url = {https://link.aps.org/doi/10.1103/PhysRevLett.90.014302}
}

@article{Scaling_behavior_in_convection-driven_Brazil-nut_effect,
  title = {Scaling behavior in the convection-driven Brazil nut effect},
  author = {Hejmady, Prakhyat and Bandyopadhyay, Ranjini and Sabhapandit, Sanjib and Dhar, Abhishek},
  journal = {Phys. Rev. E},
  volume = {86},
  issue = {5},
  pages = {050301},
  numpages = {4},
  year = {2012},
  month = {Nov},
  publisher = {American Physical Society},
  doi = {10.1103/PhysRevE.86.050301},
  url = {https://link.aps.org/doi/10.1103/PhysRevE.86.050301}
}

@article{Segregation_in_a_fluidized_binary_granular_mixture_Competition_between_buoyancy_and_geometric_forces,
  author={Trujillo, L. and Alam, M. and Herrmann, H. J.},
  title={Segregation in a fluidized binary granular mixture Competition between buoyancy and geometric forces},
  journal={EPL (Europhysics Letters)},
  volume={64},
  number={2},
  pages={190–196},
  url={http://iopscience.iop.org/article/10.1209/epl/i2003-00287-1},
  year={2003},
}

-------------------------------- Teses -----------------------------------
@monography{TCC,
    author  = {Martins, G. H. B.},
    title   = "{Paralelização de um código de Dinâmica Molecular aplicado a sistemas multiagentes}",
    school  = {CEFET-MG - Centro Federal de Educação Tecnológica de Minas Gerais},
    year    = {2013},
    month   = {Abr}
}

@mastersthesis{Dissertacao,
    author = {Martins, G. H. B.},
    month = {Set},
    year = {2015},
    school = {CEFET-MG - Centro Federal de Educação Tecnológica de Minas Gerais},
    title = {Simulação paralela de materiais granulares}
}

@mastersthesis{Abraao-Dissertacao,
    author = {Tavares, A. M},
    month = {Jan},
    year = {2017},
    school = {CEFET-MG - Centro Federal de Educação Tecnológica de Minas Gerais},
    title = {Simulação de materiais granulares aplicada a transportadores de correia}
}

@monography{Paula-TCC,
    author = {Pinhão, P. M.},
    month = {Apr},
    year = {2011},
    location = {CEFET-MG - Centro Federal de Educação Tecnológica de Minas Gerais},
    title = {Ordenação Paralela no Ambiente Hadoop},
    publisher = {Trab. final de curso}
}

@mastersthesis{Caio-Dissertacao,
    author = {Magalhães, C. F. M.},
    month = {Aug},
    year = {2008},
    school = {UFMG - Universidade Federal de Minas Gerais},
    title = {Simulação de materiais granulares}
}

@phdthesis{Caio-Tese,
    author = {Magalhães, C. F. M.},
    month = {Jul},
    year = {2013},
    school = {UFMG - Universidade Federal de Minas Gerais},
    title = {Engarrafamento e segregação em empilhamentos abertos de grãos}
}

@phdthesis{Felipe-Tese,
    author = {Magalhães, F. G. R.},
    month = {Fev},
    year = {2018},
    school = {UFMG - Universidade Federal de Minas Gerais},
    title = {A Study on Granular Hopper Flow via Discrete Element Method Computational Simulations}
}

@phdthesis{Bouzid-Tese,
    author = {Mehdi, B.},
    month = {Out},
    year = {2014},
    school = {Université Paris Diderot},
    title = {Comportement rhéologique et effets non-locaux dans les écoulements granulaires denses}
}

@phdthesis{Srdjan-Tese,
    author = {Ostojic, S.},
    month = {Sep},
    year = {2006},
    school = {Universiteit van Amsterdam Faculteit der Natuurwetenschappen, Wiskunde en Informatica},
    title = {Statistical Mechanics of Static Granular Matter}
}

@mastersthesis{Luciene-Dissertacao,
    author = {Borges, L. L.},
    month = {Jul},
    year = {2012},
    school = {CEFET-MG -Centro Federal de Educação Tecnológica de Minas Gerais},
    title = {Avalanches e Criticalidade Auto-organizada em Pilhas de Areia Estocásticas}
}

@phdthesis{Luding-Tese,
    author = {Luding, S.},
    month = {Oct},
    year = {1994},
    school = {University of Freiburg},
    title = {Models and Simulations of Granular Materials}
}

@phdthesis{Wassgren-Tese,
    author = {Wassgren, C. R.},
    month = {Jul},
    year = {1996},
    school = {California Institute of Technology},
    title = {Vibration of Granular Materials}
}

@phdthesis{Maurin-Tese,
  author = {Maurin, R.},
  month = {Dec},
  year = {2015},
  school = {Université Grenoble Alpes},
  title = {Investigation of granular behavior in bedload transport using an Eulerian-Lagrangian model}
}
-------------------------------- Sites -----------------------------------
@online{Constante_Materiais,
  author = {Wikipedia},
  title = {Young's Modulus},
  year = 2015,
  url = {https://en.wikipedia.org/wiki/Young's_modulus},
  urldate = {25-10-2014}
}

@misc{Constante_Materiais,
  title = {Young's Modulus},
  author = {Wikipedia},
  howpublished = {\url{https://en.wikipedia.org/wiki/Young's\_modulus},
  note = {25-10-2014}
}

------------------------------ Jornal Informativo-------------------------
@misc{Mariana_pt,
    title = {Tsunami de lama},
    address = {Rio de Janeiro},
    author = {Nogueira, D. and Remigio, M. and Menasce, M. and Rodrigues, Renan and Rodrigues, Rodidrigues},
    month = {Nov},
    year = {2015},
    publisher = {O Globo},
    howpublished = {http://memoria.oglobo.globo.com/jornalismo/primeiras-paginas/tsunami-de-lama-18775124}
}

@misc{Mariana_fr,
    title = {Catastrophe écologique au Brésil à la suite de la coulée de boue toxique},
    address = {São Paulo},
    author = {Gatinois, C.},
    month = {Nov},
    year = {2015},
    publisher = {Le Monde},
    howpublished = {https://www.lemonde.fr/planete/article/2015/11/17/catastrophe-ecologique-au-bresil-apres-la-coulee-de-boue-toxique_4811803_3244.html}
}

@misc{Mariana_en,
    title = {Authorities Assess Toll of Burst Dam in Brazil},
    address = {Rio de Janeiro},
    author = {Romero, S.},
    month = {Nov},
    year = {2015},
    publisher = {The New York Times},
    howpublished = {https://www.nytimes.com/2015/11/06/world/americas/authorities-assess-toll-of-burst-dam-in-brazil.html},
    pages = {10}
}

@misc{Brumadinho_pt,
    title = {Barragem da Vale se rompe em Brumadinho, MG},
    address = {Belo Horizonte},
    author = {G1 Minas},
    month = {Jan},
    year = {2019},
    publisher = {O Globo},
    howpublished = {https://g1.globo.com/mg/minas-gerais/noticia/2019/01/25/bombeiros-e-defesa-civil-sao-mobilizados-para-chamada-de-rompimento-de-barragem-em-brumadinho-na-grande-bh.ghtml}
}

@misc{Brumadinho_fr,
    title = {Rupture du barrage de Brumadinho : « La mine tue encore »},
    address = {Paris},
    author = {Escande, P.},
    month = {Jan},
    year = {2019},
    publisher = {Le Monde},
    howpublished = {https://www.lemonde.fr/economie/article/2019/01/29/rupture-du-barrage-de-brumadinho-la-mine-tue-encore_5416071_3234.html}
}

@misc{Brumadinho_en,
    title = {A mining dam collapsed and buried more than 150 people. Now Brazil is casting an anxious eye on dozens of dams like it.},
    address = {New York},
    author = {Darlington, S. and Glanz, J. and Andreoni, M. and Bloch, M. and Peçanha, S. and Singhvi, A. and Griggs, T.}
    month = {Feb},
    year = {2019},
    publisher = {The New York Times},
    howpublished = {https://www.nytimes.com/interactive/2019/02/09/world/americas/brazil-dam-collapse.html}
}
------------------------------ Modelo MMC --------------------------------
@Manual{abnTeX22014b,
  title         = {A classe abntex2},
  author        = {abnTeX2 and Lauro C\'{e}sar Araujo},
  organization  = {Equipe abnTeX2},
  year          = {2014},
  pages         = {46},
  subtitle      = {Documentos t\'{e}cnicos e cient\'{i}ficos brasileiros compat\'{i}veis com as normas ABNT},
  timestamp     = {2014.09.27},
  url           = {http://abntex2.googlecode.com/},
  urlaccessdate = {12 de setembro de 2014},
}

@Manual{abnTeX22014d,
  title         = {O pacote abntex2cite},
  author        = {abnTeX2 and Lauro César Araujo},
  organization  = {Equipe abnTeX2},
  year          = {2014},
  pages         = {91},
  subtitle      = {Estilos bibliogr\'{a}ficos compat\'{i}veis com a ABNT NBR 6023},
  timestamp     = {2014.09.27},
  url           = {http://abntex2.googlecode.com/},
  urlaccessdate = {12 de setembro de 2014},
}

@Manual{abnTeX22014c,
  title         = {O pacote abntex2cite},
  author        = {Lauro C\'{e}sar Araujo and abnTeX2},
  organization  = {Equipe abnTeX2},
  year          = {2014},
  pages         = {23},
  subtitle      = {T\'{o}picos espec\'{i}ficos da ABNT NBR 10520:2002 e o estilo bibliogr\'{a}fico alfab\'{e}tico (sistema autor-data)},
  timestamp     = {2014.09.27},
  url           = {http://abntex2.googlecode.com/},
  urlaccessdate = {12 de setembro de 2014},
}

@Book{Barbosa2004,
  title     = {Testando a utiliza{\c c}\~ao de ``et al.''},
  publisher = {Editora},
  year      = {2004},
  author    = {Carlos Barbosa and {Maria da} Silva Cardoso and {Tenitos da} Silva and Carminda Soares},
  edition   = {2},
  location  = {Cidade},
  page      = {5},
  timestamp = {2014.09.24},
}

@Misc{BibTeX2014,
  author        = {BibTeX},
  title         = {BibTeX.org},
  year          = {2014},
  timestamp     = {2014.09.27},
  url           = {http://www.bibtex.org},
  urlaccessdate = {31 de julho de 2014},
}

@Book{Buerger1989,
  title     = {LaTeX for scientists and engineers},
  publisher = {McGraw-Hill},
  year      = {1989},
  author    = {Buerger, David John},
  location  = {Singapura},
  timestamp = {2014.09.27},
}

@Article{Carvalho2001,
  author       = {Cláudia Carvalho and Jos\'{e} Fajardo and Joaquim Cruz},
  title        = {Intelig{\^e}ncia competitiva numa vis\~ao de futuro},
  year         = {2001},
  volume       = {2},
  number       = {3},
  pages        = {12--16},
  journaltitle = {DataGramaZero - Revista da Ci{\^e}ncia da Informa{\c c}\~ao},
  mounth       = {junho},
  subtitle     = {proposta metodol\'{o}gica},
  timestamp    = {2014.09.27},
}

@Book{Goossens2007,
  title     = {The LaTeX graphics companion},
  publisher = {Addison-Wesley},
  year      = {2007},
  author    = {Goossens, Michel and Mittelbach, Frank and Rahtz, Sebastian and Roegel, Denis and Voss, Herbert},
  edition   = {2},
  location  = {Boston},
  timestamp = {2014.09.27},
}

@Misc{IRL2014,
  author        = {IRL},
  title         = {Internet Research Laboratory},
  year          = {2014},
  sortkey       = {IRL},
  timestamp     = {2014.09.24},
  url           = {http://irl.cs.ucla.edu/topology},
  urlaccessdate = {8 de mar{\c c}o de 2014},
}

@Book{Kopka2003,
  title     = {Guide to LaTeX},
  publisher = {Addison-Wesley},
  year      = {2003},
  author    = {Kopka, Helmut and Daly, Patrick W.},
  edition   = {4},
  location  = {Boston},
  timestamp = {2014.09.27},
}

@Book{Lamport1986,
  title     = {LaTeX: a document preparation system},
  publisher = {Addison-Wesley},
  year      = {1986},
  author    = {Lamport, Leslie},
  location  = {Boston},
  timestamp = {2014.09.27},
}

@Misc{LaTeX2014,
  author        = {LaTeX},
  title         = {The LaTeX project},
  year          = {2014},
  timestamp     = {2014.09.27},
  url           = {http://www.latex-project.org},
  urlaccessdate = {31 de julho de 2014},
}

@Book{Maturana2003,
  title     = {A \'{A}rvore do Conhecimento},
  publisher = {Editora Palas Athena},
  year      = {2003},
  author    = {Humberto R. Maturana and Francisco J. Varela},
  edition   = {3},
  location  = {S\~ao Paulo},
  page      = {283},
  subtitle  = {as bases biol\'{o}gicas da compreens\~{a}o humana},
  timestamp = {2014.09.27},
}

@Book{Mittelbach2004,
  title     = {The LaTeX companion},
  publisher = {Addison-Wesley},
  year      = {2004},
  author    = {Mittelbach, Frank and Goossens, Michel and Braams, Johannes and Carlisle, David and Rowley, Chris},
  edition   = {2},
  location  = {Boston},
  timestamp = {2014.09.27},
}

@PhdThesis{Neubert2001,
  author         = {Marden Silveira Neubert},
  title          = {Algoritmos Distribu\'{i}dos para a Constru{\c c}\~ao de Arquivos Invertidos},
  year           = {2001},
  type           = {Doutorado em Ci{\^e}ncia da Computa{\c c}\~ao},
  institution    = {Departamento de Computa{\c c}\~ao, Universidade Federal de Minas Gerais},
  location       = {Belo Horizonte},
  pagename       = {f.},
  pages          = {145},
  timestamp      = {2014.09.26},
  year-presented = {Mar{\c c}o 2001},
}

@MastersThesis{Santos2003,
  author         = {Bruno Andr\'{e} Santos},
  title          = {Aspectos Conceituais e Arquiteturais para a Cria{\c c}\~ao de Linhagens de Agentes de Software Cognitivos e Situados},
  year           = {2003},
  type           = {Mestrado em Tecnologia -- Nome da \'{a}rea de concentra{\c c}\~ao},
  institution    = {Centro Federal de Educa{\c c}\~ao Tecnol\'{o}gica de Minas Gerais},
  location       = {Belo Horizonte},
  pagename       = {f.},
  pages          = {130},
  sortkey        = {intelig{\^e}ncia artificial, agentes inteligentes, cogni{\c c}\~ao situada},
  timestamp      = {2014.09.26},
  year-presented = {Junho 2003},
}

@Book{Silva2000,
  title     = {A Intelig{\^e}ncia da Complexidade},
  publisher = {Editora Petr\'{o}polis},
  year      = {2000},
  author    = {Silva, Joaquim and Souza, Jo\~ao {Luiz de}},
  location  = {S\~ao Paulo},
  timestamp = {2014.09.24},
}

@MastersThesis{Souza2012,
  author         = {Celso {Luiz de} Souza},
  title          = {Recupera{\c c}\~ao de V\'{i}deos Baseada em Conte\'{u}do em um Sistema de Informa{\c c}\~ao para Apoio \`{a} An\'{a}lise do Discurso Televisivo},
  year           = {2012},
  type           = {Mestrado em Modelagem Matem\'{a}tica e Computacional -- Sistemas Inteligentes},
  institution    = {Centro Federal de Educa{\c c}\~ao Tecnol\'{o}gica de Minas Gerais},
  location       = {Belo Horizonte},
  pagename       = {f.},
  pages          = {130},
  timestamp      = {2014.09.26},
  year-presented = {Outubro 2011},
}

@Article{vanGELDER1998,
  author       = {Tim {van GELDER}},
  title        = {Disentangling Dynamics, Computation and Cognition},
  year         = {1998},
  volume       = {21},
  pages        = {40--47},
  journaltitle = {Behavioral and Brain Sciences},
  sortkey      = {cognitive science, digital computer, dynamical hypothesis, dynamical system},
  timestamp    = {2014.09.26},
}

@Manual{NBR14724:2011,
  title        = {{ABNT NBR} 14724},
  organization = {Associa{\c c}\~ao Brasileira de Normas T\'ecnicas},
  year         = {2011},
  location     = {Rio de Janeiro},
  org-short    = {ABNT},
  pages        = {11},
  subtitle     = {Informa{\c c}\~ao e documenta{\c c}\~ao --- Trabalhos acad\^emicos --- Apresenta{\c c}\~ao},
  timestamp    = {2014.09.27},
}

@Manual{NBR15287:2005,
  title        = {{ABNT NBR} 15287},
  organization = {Associa{\c c}\~ao Brasileira de Normas T\'ecnicas},
  year         = {2005},
  location     = {Rio de Janeiro},
  org-short    = {ABNT},
  pages        = {6},
  subtitle     = {Informa{\c c}\~ao e documenta{\c c}\~ao --- Projeto de pesquisa --- Apresenta{\c c}\~ao},
  timestamp    = {2014.09.27},
}

@Manual{NBR10520:2002,
  title        = {{NBR} 10520},
  organization = {Associa{\c c}\~ao Brasileira de Normas T\'ecnicas},
  year         = {2002},
  location     = {Rio de Janeiro},
  org-short    = {ABNT},
  pages        = {7},
  subtitle     = {Informa{\c c}\~ao e documenta{\c c}\~ao --- Cita{\c c}\~oes em documentos --- Apresenta{\c c}\~ao},
  timestamp    = {2014.09.27},
}

@Manual{NBR6023:2002,
  title        = {{NBR} 6023},
  organization = {Associa{\c c}\~ao Brasileira de Normas T\'ecnicas},
  year         = {2002},
  location     = {Rio de Janeiro},
  org-short    = {ABNT},
  pages        = {24},
  subtitle     = {Informa{\c c}\~ao e documenta{\c c}\~ao --- Refer\^encias --- Elabora{\c c}\~ao},
  timestamp    = {2014.09.27},
}

@Comment{jabref-meta: databaseType:bibtex;}
